@misc{optical_flat_mitutoyo,
	title        = {Optical Flat -- Mitutoyo},
	author       = {{Mitutoyo UK}},
	year         = 2023,
	url          = {https://shop.mitutoyo.co.uk/web/mitutoyo/en_GB/mitutoyo/$catalogue/mitutoyoData/PR/158-118/datasheet.xhtml},
	note         = {Accessed: 2024-05-11}
}
@misc{lapmaster_wolters_optical_flats,
	title        = {Optical Flats},
	author       = {{Lapmaster Wolters}},
	year         = 2024,
	url          = {https://www.lapmaster-wolters.com/optical-flats.html},
	note         = {Accessed: 2024-05-11}
}
@misc{edmund_optics_optical_flats,
	title        = {Optical Flats},
	author       = {{Edmund Optics}},
	year         = 2024,
	url          = {https://www.edmundoptics.com/knowledge-center/application-notes/optics/optical-flats/},
	note         = {Accessed: 2024-05-11}
}
@misc{kemet_optical_flats,
	title        = {Optical Flats},
	author       = {{Kemet}},
	year         = 2024,
	url          = {https://www.kemet.co.uk/products/flatlapping/optical-flats},
	note         = {Accessed: 2024-05-11}
}
@misc{Corning_2022,
	title        = {Corning\textsuperscript{\textregistered} ULE\textsuperscript{\textregistered} Glass},
	year         = 2022,
	month        = {Jul},
	journal      = {Corning},
	publisher    = {Corning},
	url          = {https://www.corning.com/worldwide/en/products/advanced-optics/product-materials/semiconductor-laser-optic-components/ultra-low-expansion-glass.html},
	urldate      = {2024-05-11},
	keywords     = {ULE, Corning}
}
@misc{enwiki:1212101911,
	title        = {Optical flat --- Wikipedia, The Free Encyclopedia},
	author       = {Wikipedia contributors},
	year         = 2024,
	note         = {Accessed: 2024-05-11},
	howpublished = {\url{https://en.wikipedia.org/w/index.php?title=Optical_flat&oldid=1212101911}}
}
@misc{Paschottaoptical_flats,
	title        = {Optical Flats},
	author       = {Paschotta, R.},
	year         = {},
	month        = {},
	publisher    = {RP Photonics AG},
	doi          = {10.61835/7um},
	url          = {https://www.rp-photonics.com/optical_flats.html},
	urldate      = {2024-05-11},
	note         = {Available online at \url{https://www.rp-photonics.com/optical_flats.html}},
	abstract     = {Optical flats are plates with one or two surfaces of very high optical quality and flatness. They are mainly used as highly flat reference surfaces in interferometers for checking the flatness of optical elements.},
	howpublished = {RP Photonics Encyclopedia},
	keywords     = {optical flats, interferometers, reference surface, flatness specification, handling}
}
@misc{Paschottafused_silica,
	title        = {Fused Silica},
	author       = {Paschotta, R.},
	year         = {},
	month        = {},
	publisher    = {RP Photonics AG},
	doi          = {10.61835/d1v},
	urldate      = {2024-05-11},
	note         = {{Available online at \url{https://www.rp-photonics.com/fused_silica.html}}}, 
    url = {https://www.rp-photonics.com/fused_silica.html},
	abstract     = {Fused silica is a highly important material for a wide range of optical components, for dielectric coatings, and is also the most important base material for fiber optics. UV- and IR-grade fused silica are available for special applications. High chemical purity is often essential for use in optics.},
	howpublished = {RP Photonics Encyclopedia},
	keywords     = {fused silica, silicon dioxide, quartz, vitreous silica, glass, IR-grade, UV-grade, key properties, fabrication, quality, applications}
}
@misc{Joji_2023, 
title={Optical flat}, 
url={https://youtu.be/tmFurBsknPc?si=iAR_TBQgxoM2s4Gn}, 
journal={YouTube}, 
author={Joji, Thomas}, 
year={2023}, 
month={Jun},
note={Accessed: 2024-05-11}
}
@inbook{doi:https://doi.org/10.1002/9780470135976.ch1,
author = {Mantravadi, M. V. and Malacara, D.},
publisher = {John Wiley \& Sons, Ltd},
isbn = {9780470135976},
title = {Newton, Fizeau, and Haidinger Interferometers},
booktitle = {Optical Shop Testing},
chapter = {1},
pages = {1-45},
doi = {https://doi.org/10.1002/9780470135976.ch1},
url = {https://onlinelibrary.wiley.com/doi/abs/10.1002/9780470135976.ch1},
eprint = {https://onlinelibrary.wiley.com/doi/pdf/10.1002/9780470135976.ch1},
year = {2007},
keywords = {Newton interferometer, Newton, Fizeau, and Haidinger interferometers, absolute testing of flats},
abstract = {Summary This chapter contains sections titled: Introduction Newton Interferometer Fizeau Interferometer Haldinger Interferometer Absolute Testing of Flats}
}